

@Misc{wd:catalog,
author={Pedro Osuna and others},
editor={Pedro Osuna},
howpublished={{Catalog Data Model Work Package}},
title={Catalog Data Model},
year=2006,
url={https://wiki.ivoa.net/twiki/bin/view/IVOA/IVAODMCatalogsWP}
}

@Misc{wd:jesusdm,
author={Jesus Salgado and Gerard Lemson and Markys Demleitner},
editor={Jesus Salgado},
howpublished={{Source DM 2016-05-10}},
title={Source DM},
year=2016,
url={https://wiki.ivoa.net/twiki/bin/view/IVOA/SourceDataModel}
}

@Misc{note:stcvot,
author={M. Demleitner and F. Ochsenbein and J. McDowell and A. Rots},
editor={M. Demleitner },
howpublished={{Note 2010-06-18}},
title={Referencing STC in VOTable},
year=2016,
url={http://ivoa.net/documents/Notes/VOTableSTC/}
}

@Misc{note:seb,
author={Sebastien Derriere},
editor={Sebastien Derriere},
howpublished={{Note 2011-05-12}},
title={Referencing STC in VOTable},
year=2016,
url={https://wiki.ivoa.net/internal/IVOA/PhotometryDataModel/NOTE-PPDMDesc-0.2-20110512.pdf}
}


@Misc{note:sdmpage,
author={Laurent Michel and Fran√ßois Bonnarel and Mark Cresitello Dittmar and Tom Donaldson and Marco Molinaro},
editor={Laurent Michel},
howpublished={{Wikipage 2019-04-12}},
title={Source DM: Call For Scientific Requirements},
year=2010,
url={https://wiki.ivoa.net/twiki/bin/view/IVOA/SourceDM}
}

@Misc{talk:lmanything,
author={Laurent Michel},
editor={Laurent Michel},
howpublished={{Talk 2017-07-12}},
title={Mapping Time Domain Data in VOTables},
year=2017,
url={https://wiki.ivoa.net/internal/IVOA/InterOpOct2017TDIG/TimeDomainMapping.pdf}
}

@Misc{wd:wdmapping,
author={Gerard Lemson and Omar Laurino and Tom Donaldson and Mark Cresitello-
Dittmar and Laurent Michel and Patrick Dowler and Markus Demleitner and
Matthew Graham and Jesus Salgado},
editor={Gerard Lemson and Omar Laurino},
howpublished={{WD 20170323}},
year=2017,
title={Mapping Data Models to VOTable},
url={https://volute.g-vo.org/svn/trunk/projects/dm/vo-dml-mapping/doc/VO-DML_mapping_WD.pdf}
}




@Misc{talk:lmparser,
author={Laurent Michel},
editor={Laurent Michel},
howpublished={{Talk 2018-11-01}},
title={Reading VO-DML Annotations With Java Code},
year=2018,
url={https://wiki.ivoa.net/internal/IVOA/InterOpNov2018Apps/VODML_Lite_JAVA_API.pdf}
}

@Misc{talk:lmgaia,
author={Laurent Michel},
editor={Laurent Michel},
howpublished={{Talk 2018-11-01}},
title={Annotating GAIA Time Series with VO-DML},
year=2018,
url={https://wiki.ivoa.net/internal/IVOA/InterOpNov2018TDIG/VODML_Lite_TS.pdf}
}

@Misc{talk:lmlite,
author={Laurent Michel},
editor={Laurent Michel},
howpublished={{Talk 2018-05-10}},
title={Serializing Time Domain Data A (Simplified) VO-DML Approach},
year=2018,
url={https://wiki.ivoa.net/internal/IVOA/InterOpMay2018TDIG/Talk_VODML_Lite_at_a_glance_en.pdf}
}

@Misc{wiki:stc2,
author={Mark Cresitello Dittmar and Arnold Rots},
editor={Mark Cresitello Dittmar},
howpublished={{Wiki Page 2016-09-16}},
title={STC version 2.0},
year=2019,
url={https://wiki.ivoa.net/twiki/bin/view/IVOA/STC}
}

@TECHREPORT{2018ivoa.spec.0910L,
       author = {{Lemson}, Gerard and {Laurino}, Omar and {Bourges}, Laurent and
         {Cresitello-Dittmar}, Mark and {Demleitner}, Markus and
         {Donaldson}, Tom and {Dowler}, Patrick and {Graham}, Matthew and
         {Gray}, Norman and {Michel}, Laurent and {Salgado}, Jesus},
        title = "{VO-DML: a consistent modeling language for IVOA data models Version 1.0}",
      journal = {IVOA Recommendation 10 September 2018},
    booktitle = {IVOA Recommendation 10 September 201},
         year = "2018",
       editor = {{Lemson}, Gerard and {Laurino}, Omar},
        month = "Sep",
        pages = {910},
          doi = {10.5479/ADS/bib/2018ivoa.spec.0910L},
       adsurl = {https://ui.adsabs.harvard.edu/abs/2018ivoa.spec.0910L},
      adsnote = {Provided by the SAO/NASA Astrophysics Data System}
}


@ARTICLE{2017A&A...597A..89P,
       author = {{Pineau}, F. -X. and {Derriere}, S. and {Motch}, C. and {Carrera}, F.~J. and {Genova}, F. and {Michel}, L. and {Mingo}, B. and {Mints}, A. and {Nebot G{\'o}mez-Mor{\'a}n}, A. and {Rosen}, S.~R. and {Ruiz Camu{\~n}as}, A.},
        title = "{Probabilistic multi-catalogue positional cross-match}",
      journal = {aap},
     keywords = {methods: data analysis, methods: statistical, catalogs, astrometry, Astrophysics - Instrumentation and Methods for Astrophysics, Astrophysics - Astrophysics of Galaxies, Astrophysics - High Energy Astrophysical Phenomena},
         year = 2017,
        month = jan,
       volume = {597},
          eid = {A89},
        pages = {A89},
          doi = {10.1051/0004-6361/201629219},
archivePrefix = {arXiv},
       eprint = {1609.00818},
 primaryClass = {astro-ph.IM},
       adsurl = {https://ui.adsabs.harvard.edu/abs/2017A&A...597A..89P},
      adsnote = {Provided by the SAO/NASA Astrophysics Data System}
}

@INPROCEEDINGS{2020ASPC..522..703M,
       author = {{Molinaro}, Marco and {Benatti}, Serena and {Bignamini}, Andrea and {Claudi}, Riccardo},
        title = "{Discover and Access GAPS Time Series Prototyping for Interoperability}",
    booktitle = {Astronomical Data Analysis Software and Systems XXVII},
         year = 2020,
       editor = {{Ballester}, Pascal and {Ibsen}, Jorge and {Solar}, Mauricio and {Shortridge}, Keith},
       series = {Astronomical Society of the Pacific Conference Series},
       volume = {522},
        month = apr,
        pages = {703},
       adsurl = {https://ui.adsabs.harvard.edu/abs/2020ASPC..522..703M},
      adsnote = {Provided by the SAO/NASA Astrophysics Data System}
}

@INPROCEEDINGS{2019ASPC..523..597M,
       author = {{Molinaro}, Marco and {Alei}, Eleonora and {Benatti}, Serena and {Bignamini}, Andrea and {Bonnarel}, Fran{\c{c}}ois and {Damasso}, Mario and {Louys}, Mireille and {Maris}, Michele and {Nascimbeni}, Valerio},
        title = "{Starting Up a Data Model for Exoplanetary Data}",
    booktitle = {Astronomical Data Analysis Software and Systems XXVII},
         year = 2019,
       editor = {{Teuben}, Peter J. and {Pound}, Marc W. and {Thomas}, Brian A. and {Warner}, Elizabeth M.},
       series = {Astronomical Society of the Pacific Conference Series},
       volume = {523},
        month = oct,
        pages = {597},
       adsurl = {https://ui.adsabs.harvard.edu/abs/2019ASPC..523..597M},
      adsnote = {Provided by the SAO/NASA Astrophysics Data System}
}

@ARTICLE{2020A&C....3100370A,
       author = {{Alei}, E. and {Claudi}, R. and {Bignamini}, A. and {Molinaro}, M.},
        title = "{Exo-MerCat: A merged exoplanet catalog with Virtual Observatory connection}",
      journal = {Astronomy and Computing},
     keywords = {(Stars): planetary systems, Catalogues, Virtual Observatory tools, Astrophysics - Earth and Planetary Astrophysics, Astrophysics - Solar and Stellar Astrophysics},
         year = 2020,
        month = apr,
       volume = {31},
          eid = {100370},
        pages = {100370},
          doi = {10.1016/j.ascom.2020.100370},
archivePrefix = {arXiv},
       eprint = {2002.01834},
 primaryClass = {astro-ph.EP},
       adsurl = {https://ui.adsabs.harvard.edu/abs/2020A&C....3100370A},
      adsnote = {Provided by the SAO/NASA Astrophysics Data System}
}
@INPROCEEDINGS{2016SPIE.9913E..0HM,
       author = {{Molinaro}, Marco and {Butora}, Robert and {Bandieramonte}, Marilena and {Becciani}, Ugo and {Brescia}, Massimo and {Cavuoti}, Stefano and {Costa}, Alessandro and {Di Giorgio}, Anna M. and {Elia}, Davide and {Hajnal}, Akos and {Gabor}, Hermann and {Kacsuk}, Peter and {Liu}, Scige J. and {Molinari}, Sergio and {Riccio}, Giuseppe and {Schisano}, Eugenio and {Sciacca}, Eva and {Smareglia}, Riccardo and {Vitello}, Fabio},
        title = "{VIALACTEA knowledge base homogenizing access to Milky Way data}",
     keywords = {Astrophysics - Instrumentation and Methods for Astrophysics},
    booktitle = {Software and Cyberinfrastructure for Astronomy IV},
         year = 2016,
       editor = {{Chiozzi}, Gianluca and {Guzman}, Juan C.},
       series = {Society of Photo-Optical Instrumentation Engineers (SPIE) Conference Series},
       volume = {9913},
        month = aug,
          eid = {99130H},
        pages = {99130H},
          doi = {10.1117/12.2231674},
archivePrefix = {arXiv},
       eprint = {1608.04526},
 primaryClass = {astro-ph.IM},
       adsurl = {https://ui.adsabs.harvard.edu/abs/2016SPIE.9913E..0HM},
      adsnote = {Provided by the SAO/NASA Astrophysics Data System}
}


@ARTICLE{2012A&A...538A..78L,
       author = {{Lindegren}, L. and {Lammers}, U. and {Hobbs}, D. and {O'Mullane}, W. and {Bastian}, U. and {Hern{\'a}ndez}, J.},
        title = "{The astrometric core solution for the Gaia mission. Overview of models, algorithms, and software implementation}",
      journal = {aap},
     keywords = {astrometry, methods: data analysis, methods: numerical, space vehicles: instruments, Astrophysics - Instrumentation and Methods for Astrophysics},
         year = 2012,
        month = feb,
       volume = {538},
          eid = {A78},
        pages = {A78},
          doi = {10.1051/0004-6361/201117905},
archivePrefix = {arXiv},
       eprint = {1112.4139},
 primaryClass = {astro-ph.IM},
       adsurl = {https://ui.adsabs.harvard.edu/abs/2012A&A...538A..78L},
      adsnote = {Provided by the SAO/NASA Astrophysics Data System}
}

@INPROCEEDINGS{2024ASPC..535..259M,
       author = {{Michel}, L. and {Bonnarel}, F. and {Louys}, M. and {Morris}, D.},
        title = "{TAP and the Data Models}",
    booktitle = {Astromical Data Analysis Software and Systems XXXI},
         year = 2024,
       editor = {{Hugo}, B.~V. and {Van Rooyen}, R. and {Smirnov}, O.~M.},
       series = {Astronomical Society of the Pacific Conference Series},
       volume = {535},
        month = may,
        pages = {259},
       adsurl = {https://ui.adsabs.harvard.edu/abs/2024ASPC..535..259M},
      adsnote = {Provided by the SAO/NASA Astrophysics Data System}
}
